@online{MainArticle,
  title = {Procedural Modeling of Buildings},
  url = {http://info.usherbrooke.ca/ogodin/enseignement/imn538/articles/NON%20DISPONIBLE%20-%20Procedural%20Modeling%20of%20Buildings.pdf},
  urldate = {2015-04-24}
}

@misc{CtxFreeGram,
  title = {Context-Free Grammar},
  howpublished = {\url{https://www.cs.rochester.edu/~nelson/courses/csc_173/grammars/cfg.html}},
  note = {Visite: 2015-04-24}
}

@misc{ShapeGram,
  title = {Introduction to shape grammars},
  howpublished = {\url{http://home.fa.utl.pt/~albertidigital/AD_VER1011/files/aula05/aula05_shapeGrammars.pdf}},
  note = {Visite: 2015-04-24}
}

@misc{ProcGen,
  title = {How Procedural Generation Took Over The Gaming Industry},
  howpublished = {\url{http://www.makeuseof.com/tag/procedural-generation-took-gaming-industry/}},
  note = {Visite: 2015-04-24}
}

@misc{ParishMuller,
  title = {Procedural Modeling of Cities},
  howpublished = {\url{http://www.makeuseof.com/tag/procedural-generation-took-gaming-industry/}},
  note = {Visite: 2015-04-24}
}

@misc{Left4DeadAI,
  title = {The AI Systems of Left 4 Dead},
  howpublished = {\url{http://www.makeuseof.com/tag/procedural-generation-took-gaming-industry/}},
  note = {Visite: 2015-04-24}
}

@misc{AkalabethGen,
  title = {Historic RPG Akalabeth: World of Doom Free On GOG},
  howpublished = {\url{http://segmentnext.com/2014/12/24/historic-rpg-akalabeth-world-doom-free-gog/}},
  note = {Visite: 2015-04-24}
}

@misc{EsriCityEngine,
  title = {Esri CityEngine},
  howpublished = {\url{http://www.esri.com/software/cityengine}},
  note = {Visite: 2015-04-24}
}
